%YAML 1.1
%TAG !u! tag:unity3d.com,2011:
--- !u!1001 &100100000
Prefab:
  m_ObjectHideFlags: 1
  serializedVersion: 2
  m_Modification:
    m_TransformParent: {fileID: 0}
    m_Modifications: []
    m_RemovedComponents: []
  m_ParentPrefab: {fileID: 0}
  m_RootGameObject: {fileID: 1000014242473596}
  m_IsPrefabParent: 1
--- !u!1 &1000014242473596
GameObject:
  m_ObjectHideFlags: 0
  m_PrefabParentObject: {fileID: 0}
  m_PrefabInternal: {fileID: 100100000}
  serializedVersion: 4
  m_Component:
  - 4: {fileID: 4000014189506066}
  - 20: {fileID: 20000010389459448}
  - 92: {fileID: 92000010106650414}
  - 124: {fileID: 124000012286156758}
  - 81: {fileID: 81000011012019470}
  - 114: {fileID: 114000012679766818}
  - 114: {fileID: 114000011550139224}
  - 82: {fileID: 82000012516245140}
  m_Layer: 0
  m_Name: iS.Top-Down Camera
  m_TagString: MainCamera
  m_Icon: {fileID: 0}
  m_NavMeshLayer: 0
  m_StaticEditorFlags: 0
  m_IsActive: 1
--- !u!4 &4000014189506066
Transform:
  m_ObjectHideFlags: 1
  m_PrefabParentObject: {fileID: 0}
  m_PrefabInternal: {fileID: 100100000}
  m_GameObject: {fileID: 1000014242473596}
  m_LocalRotation: {x: 0.4203888, y: 0.34337974, z: -0.17577009, w: 0.82126033}
  m_LocalPosition: {x: 117.11044, y: 56.321407, z: 98.74002}
  m_LocalScale: {x: 1, y: 1, z: 1}
  m_LocalEulerAnglesHint: {x: 0, y: 0, z: 0}
  m_Children: []
  m_Father: {fileID: 0}
  m_RootOrder: 0
--- !u!20 &20000010389459448
Camera:
  m_ObjectHideFlags: 1
  m_PrefabParentObject: {fileID: 0}
  m_PrefabInternal: {fileID: 100100000}
  m_GameObject: {fileID: 1000014242473596}
  m_Enabled: 1
  serializedVersion: 2
  m_ClearFlags: 1
  m_BackGroundColor: {r: 0.19215687, g: 0.3019608, b: 0.4745098, a: 0.019607844}
  m_NormalizedViewPortRect:
    serializedVersion: 2
    x: 0
    y: 0
    width: 1
    height: 1
  near clip plane: 0.3
  far clip plane: 1000
  field of view: 60
  orthographic: 0
  orthographic size: 5
  m_Depth: -1
  m_CullingMask:
    serializedVersion: 2
    m_Bits: 4294967295
  m_RenderingPath: -1
  m_TargetTexture: {fileID: 0}
  m_TargetDisplay: 0
  m_TargetEye: 3
  m_HDR: 0
  m_OcclusionCulling: 1
  m_StereoConvergence: 10
  m_StereoSeparation: 0.022
  m_StereoMirrorMode: 0
--- !u!81 &81000011012019470
AudioListener:
  m_ObjectHideFlags: 1
  m_PrefabParentObject: {fileID: 0}
  m_PrefabInternal: {fileID: 100100000}
  m_GameObject: {fileID: 1000014242473596}
  m_Enabled: 1
--- !u!82 &82000012516245140
AudioSource:
  m_ObjectHideFlags: 1
  m_PrefabParentObject: {fileID: 0}
  m_PrefabInternal: {fileID: 100100000}
  m_GameObject: {fileID: 1000014242473596}
  m_Enabled: 1
  serializedVersion: 4
  OutputAudioMixerGroup: {fileID: 0}
  m_audioClip: {fileID: 8300000, guid: 49e04797a866b43569408dd0cee0a764, type: 3}
  m_PlayOnAwake: 1
  m_Volume: 1
  m_Pitch: 1
  Loop: 1
  Mute: 0
  Spatialize: 0
  Priority: 128
  DopplerLevel: 1
  MinDistance: 1
  MaxDistance: 500
  Pan2D: 0
  rolloffMode: 0
  BypassEffects: 0
  BypassListenerEffects: 0
  BypassReverbZones: 0
  rolloffCustomCurve:
    serializedVersion: 2
    m_Curve:
    - time: 0
      value: 1
      inSlope: 0
      outSlope: 0
      tangentMode: 0
    - time: 1
      value: 0
      inSlope: 0
      outSlope: 0
      tangentMode: 0
    m_PreInfinity: 2
    m_PostInfinity: 2
    m_RotationOrder: 4
  panLevelCustomCurve:
    serializedVersion: 2
    m_Curve:
    - time: 0
      value: 0
      inSlope: 0
      outSlope: 0
      tangentMode: 0
    m_PreInfinity: 2
    m_PostInfinity: 2
    m_RotationOrder: 0
  spreadCustomCurve:
    serializedVersion: 2
    m_Curve:
    - time: 0
      value: 0
      inSlope: 0
      outSlope: 0
      tangentMode: 0
    m_PreInfinity: 2
    m_PostInfinity: 2
    m_RotationOrder: 0
  reverbZoneMixCustomCurve:
    serializedVersion: 2
    m_Curve:
    - time: 0
      value: 1
      inSlope: 0
      outSlope: 0
      tangentMode: 0
    m_PreInfinity: 2
    m_PostInfinity: 2
    m_RotationOrder: 0
--- !u!92 &92000010106650414
Behaviour:
  m_ObjectHideFlags: 1
  m_PrefabParentObject: {fileID: 0}
  m_PrefabInternal: {fileID: 100100000}
  m_GameObject: {fileID: 1000014242473596}
  m_Enabled: 1
--- !u!114 &114000011550139224
MonoBehaviour:
  m_ObjectHideFlags: 1
  m_PrefabParentObject: {fileID: 0}
  m_PrefabInternal: {fileID: 100100000}
  m_GameObject: {fileID: 1000014242473596}
  m_Enabled: 1
  m_EditorHideFlags: 0
  m_Script: {fileID: 11500000, guid: 3d2404fada8694ee487d00c566143b29, type: 3}
  m_Name: 
  m_EditorClassIdentifier: 
  dragValue: {x: 0, y: 0}
  scaleValue: 0
  rotateValue: 0
--- !u!114 &114000012679766818
MonoBehaviour:
  m_ObjectHideFlags: 1
  m_PrefabParentObject: {fileID: 0}
  m_PrefabInternal: {fileID: 100100000}
  m_GameObject: {fileID: 1000014242473596}
  m_Enabled: 1
  m_EditorHideFlags: 0
  m_Script: {fileID: 11500000, guid: b42507e74391a49af80eb0c0b1c5d1db, type: 3}
  m_Name: 
  m_EditorClassIdentifier: 
  scrollAnimationType: 0
  scrollXAngle:
    serializedVersion: 2
    m_Curve:
    - time: 0
      value: 35.29
      inSlope: 0
      outSlope: 1
      tangentMode: 0
    - time: 1
      value: 80.2
      inSlope: 1
      outSlope: 0
      tangentMode: 0
    m_PreInfinity: 2
    m_PostInfinity: 2
    m_RotationOrder: 4
  scrollHigh:
    serializedVersion: 2
    m_Curve:
    - time: 0
      value: 23.23
      inSlope: 0
      outSlope: 74.03
      tangentMode: 0
    - time: 1
      value: 97.26
      inSlope: 74.03
      outSlope: 0
      tangentMode: 0
    m_PreInfinity: 2
    m_PostInfinity: 2
    m_RotationOrder: 4
  groundHigh: 0
  minHigh: 0
  groundHighTest: 1
  groundLayer: 0
  scrollValue: 0.447
  unlockWhenMove: 0
  movementLerpSpeed: 5
  rotationLerpSpeed: 5
  mouseLookUpRange: 7
  mouseLookUpCurve:
    serializedVersion: 2
    m_Curve:
    - time: 0
      value: 0
      inSlope: 2
      outSlope: 100
      tangentMode: 0
    - time: 1
      value: 1
      inSlope: -100
      outSlope: 0
      tangentMode: 0
    m_PreInfinity: 2
    m_PostInfinity: 2
    m_RotationOrder: 4
  bound:
    serializedVersion: 2
    x: -70.14223
    y: -73.7519
    width: 399.99982
    height: 399.99976
  followingTarget: {fileID: 0}
  fixedPoint: {fileID: 0}
  desktopScrollSpeed: 1.69
  desktopRotateSpeed: 5
  touchScrollSpeed: 150
  touchRotateSpeed: 30
  mouseRotateButton: 1
  horizontalKeyboardAxis: Horizontal
  verticalKeyboardAxis: Horizontal
  rotateAxis: Horizontal
  objectPos: {x: 134.00876, y: 56.321407, z: 115.415146}
  wantYAngle: 45.38089
  wantXAngle: 54.214226
  mouseLookUp: 1
  keyBoardControl: 1
  mouseControl: 1
  touchControl: 1
--- !u!124 &124000012286156758
Behaviour:
  m_ObjectHideFlags: 1
  m_PrefabParentObject: {fileID: 0}
  m_PrefabInternal: {fileID: 100100000}
  m_GameObject: {fileID: 1000014242473596}
  m_Enabled: 1
